@misc{tran2006,
  title  = {NCRP Report 151 Structural shielding design and evaluation for megavoltage x-and gamma-ray radiotherapy facilities},
  author = {Tran, Tuan Quoc and Jeong, Sanggeol and Nguyen, Khang Nhat Hoang and others},
  year   = {2006}
}

@article{vigna2000,
  title   = {Blindagem em Radioterapia: T{\'e}cnica e Normas},
  author  = {VIGNA FILHO, EUGENIO DEL FALC{\~A}O and ROSSANA, C},
  journal = {Rio de Janeiro: Inca},
  year    = {2000}
}