@misc{douglass2018eric,
  title={Eric J. Hall and Amato J. Giaccia: Radiobiology for the radiologist: Wolters Kluwer, Philadelphia, PA, 2019, 624 pp, ISBN: 978-1496335418},
  author={Douglass, Michael},
  year={2018},
  publisher={Springer}
}