@book{chang2021basic,
  title       = {Basic radiotherapy physics and biology},
  author      = {Chang, David S and Lasley, Foster D and Das, Indra J and Mendonca, Marc S and Dynlacht, Joseph R and others},
  year        = {2021},
  number      = {2},
  institution = {Springer}
}

@article{johns1983physics,
  title     = {The physics of radiology},
  author    = {Johns, Harold Elford and Cunningham, John Robert},
  year      = {1983},
  publisher = {Charles C. Thomas Springfield}
}

@book{podgorsak2005,
  author    = {Suntharalingam, N and Podgorsak, E B and TÃ¶lli, H},
  title     = {Radiation Oncology Physics: A Handbook for Teachers and Students},
  publisher = {International Atomic Energy Agency},
  year      = {2005},
  editor    = {Podgorsak, E.B.}
}

@book{podgorvsak2006radiation,
  title     = {Radiation physics for medical physicists},
  author    = {Podgor{\v{s}}ak, Ervin B and others},
  volume    = {1},
  year      = {2006},
  publisher = {Springer}
}