@book{khan2014khan,
  title={Khan's the physics of radiation therapy},
  author={Khan, Faiz M and Gibbons, John P},
  year={2014},
  publisher={Lippincott Williams \& Wilkins}
}