@book{devlin2015,
  title     = {Brachytherapy: applications and techniques},
  author    = {Devlin, Phillip M and Holloway, Caroline L and Stewart, Alexandra J},
  year      = {2015},
  publisher = {Springer Publishing Company}
}

@book{montemaggi2016,
  title     = {Brachytherapy: an international perspective},
  author    = {Montemaggi, Paolo and Trombetta, Mark and Brady, Luther W},
  year      = {2016},
  publisher = {Springer}
}


@incollection{podgorsak2005,
  author    = {Suntharalingam, N and Podgorsak, E B and TÃ¶lli, H},
  chapter   = {13},
  title     = {Brachyterapy: Physical and Clinical Aspects},
  booktitle = {Radiation Oncology Physics: A Handbook for Teachers and Students},
  publisher = {International Atomic Energy Agency},
  year      = {2005},
  editor    = {Podgorsak, E.B.},
  pages     = {451 - 484},
  address   = {Vienna}
}
