@book{podgorvsak2006radiation,
  title     = {Radiation physics for medical physicists},
  author    = {Podgor{\v{s}}ak, Ervin B and others},
  volume    = {1},
  year      = {2006},
  publisher = {Springer}
}