@book{attix2008introduction,
  title     = {Introduction to radiological physics and radiation dosimetry},
  author    = {Attix, Frank Herbert},
  year      = {2008},
  publisher = {John Wiley \& Sons}
}

@book{knoll2010radiation,
  title     = {Radiation detection and measurement},
  author    = {Knoll, Glenn F},
  year      = {2010},
  publisher = {John Wiley \& Sons}
}