@book{dieterich2015practical,
  title     = {Practical Radiation Oncology Physics E-Book: A Companion to Gunderson \& Tepper's Clinical Radiation Oncology},
  author    = {Dieterich, Sonja and Ford, Eric and Pavord, Daniel and Zeng, Jing},
  year      = {2015},
  publisher = {Elsevier Health Sciences}
}